<?xml version="1.0" encoding="UTF-8"?><record xmlns="http://www.loc.gov/MARC21/slim" xmlns:cinclude="http://apache.org/cocoon/include/1.0" xmlns:zs="http://www.loc.gov/zing/srw/">
  <leader>00420nz  a2200133n  4500</leader>
  <controlfield tag="001">no2001018252</controlfield>
  <controlfield tag="003">DLC</controlfield>
  <controlfield tag="005">20010308071100.0</controlfield>
  <controlfield tag="008">010307n| acannaabn          |n aaa     c</controlfield>
  <datafield tag="010" ind1=" " ind2=" ">
    <subfield code="a">no2001018252</subfield>
  </datafield>
  <datafield tag="035" ind1=" " ind2=" ">
    <subfield code="a">(OCoLC)oca05432418</subfield>
  </datafield>
  <datafield tag="040" ind1=" " ind2=" ">
    <subfield code="a">MoSW-Mu</subfield>
    <subfield code="b">eng</subfield>
    <subfield code="c">MoSW-Mu</subfield>
  </datafield>
  <datafield tag="100" ind1="1" ind2=" ">
    <subfield code="a">Rohn, Susanne</subfield>
  </datafield>
  <datafield tag="670" ind1=" " ind2=" ">
    <subfield code="a">Rohn, S. Die historische Chororgel der Pfarrkirche St. Peter und Paul zu BuĚrghen (Uri) [SR] 1999?:</subfield>
    <subfield code="b">label (Susanne Rohn)</subfield>
  </datafield>
</record>